@manual{manual,
  author = {Physikalisches Institut University Bonn},
  title = {Instruction manual},
  year = 2025
}
